<collection xmlns="http://www.loc.gov/MARC21/slim"><record><leader>00990nam  2200253   450</leader><controlfield tag="001">16659</controlfield><controlfield tag="003">http://montalegre.opacnet.com/OPAC/default.aspx?ContentAreaControl=ShowRegHoldings.ascx&amp;RegNo=16662</controlfield><controlfield tag="005">20</controlfield><datafield tag="100" ind1=" " ind2=" "><subfield code="a">20140408d1984    k  y0pory010305  ba</subfield></datafield><datafield tag="101" ind1="1" ind2=" "><subfield code="a">por</subfield><subfield code="c">ger</subfield></datafield><datafield tag="102" ind1=" " ind2=" "><subfield code="a">PT</subfield></datafield><datafield tag="200" ind1="1" ind2=" "><subfield code="a">&lt;O &gt;livro do filósofo</subfield><subfield code="f">Friedrich Nietzsche</subfield><subfield code="g">introd.: Rosa Maria Branco</subfield><subfield code="g">trad.: Ana Lobo</subfield></datafield><datafield tag="210" ind1=" " ind2=" "><subfield code="a">Porto</subfield><subfield code="c">Rés</subfield><subfield code="d">1984</subfield></datafield><datafield tag="215" ind1=" " ind2=" "><subfield code="a">131 p.</subfield><subfield code="d">21 cm</subfield></datafield><datafield tag="304" ind1=" " ind2=" "><subfield code="a">Tít. ori.: Das Philosophenbuch (theoretischestudien)</subfield></datafield><datafield tag="600" ind1=" " ind2="1"><subfield code="a">Nietzsche</subfield><subfield code="b">Friedrich</subfield><subfield code="f">1844-1900</subfield><subfield code="2">Autoridade</subfield><subfield code="3">PT-----------2013070815090005797</subfield></datafield><datafield tag="606" ind1="1" ind2=" "><subfield code="a">Filosofia</subfield><subfield code="2">Autoridade</subfield><subfield code="3">PT-----------2013022816560005656</subfield></datafield><datafield tag="610" ind1="0" ind2=" "><subfield code="a">Axiologia</subfield></datafield><datafield tag="675" ind1=" " ind2=" "><subfield code="a">1 NIETZSCHE</subfield></datafield><datafield tag="700" ind1=" " ind2="1"><subfield code="a">Nietzsche</subfield><subfield code="b">Friedrich</subfield><subfield code="f">1844-1900</subfield><subfield code="2">Autoridade</subfield><subfield code="3">PT-----------2013070815090005797</subfield></datafield><datafield tag="702" ind1=" " ind2="1"><subfield code="a">Branco</subfield><subfield code="b">Rosa Maria</subfield><subfield code="4">080</subfield></datafield><datafield tag="702" ind1=" " ind2="1"><subfield code="a">Lobo</subfield><subfield code="b">Ana</subfield><subfield code="4">730</subfield></datafield><datafield tag="801" ind1=" " ind2="0"><subfield code="a">PT</subfield><subfield code="b">Biblioteca Municipal de Montalegre</subfield><subfield code="g">RPC</subfield></datafield><datafield tag="856" ind1=" " ind2=" "><subfield code="u">locateMedia.aspx?cod=20140408111836&amp;ext=jpg</subfield><subfield code="z">CAPA</subfield></datafield><datafield tag="909" ind1="&#9;" ind2=" "><subfield code="a">1</subfield></datafield><datafield tag="966" ind1=" " ind2=" "><subfield code="a">0004845</subfield><subfield code="l">BMM</subfield><subfield code="s">SCG 1 NIETZSCHE liv</subfield></datafield></record></collection>